<?xml version="1.0" encoding="UTF-8"?><collection xmlns="http://www.loc.gov/MARC21/slim"><record><leader>00355nam--2200133-i-4500</leader><controlfield tag="001">000048443</controlfield><controlfield tag="002">20161230</controlfield><controlfield tag="005">20161230201047</controlfield><controlfield tag="008">060222s1000------------r-----000-0-eng-d</controlfield><datafield ind1=" " ind2=" " tag="080"><subfield code="a">551.5</subfield></datafield><datafield ind1=" " ind2=" " tag="100"><subfield code="a">Gaivoronskii,I.I. I Averkiev,M.C</subfield></datafield><datafield ind1=" " ind2=" " tag="245"><subfield code="a">Meteorologicheskii praktikum</subfield></datafield><datafield ind1=" " ind2=" " tag="260"><subfield code="a">Leningrad, Gidrometeorologicheskoe Izd.,1949. 310 P</subfield></datafield><datafield ind1=" " ind2=" " tag="852"><subfield code="a">47645</subfield></datafield></record></collection>